%% Created using Papers on Sat, 11 May 2013.
%% http://mekentosj.com/papers/

@article{Imai:2008ee,
author = {Imai, Mutsumi and Kita, Sotaro and Nagumo, Miho and Okada, Hiroyuki},
title = {{Sound symbolism facilitates early verb learning}},
journal = {Cognition},
year = {2008}
}

@article{Hills:2009vw,
author = {Hills, Thomas T and Maouene, Mounir and Maouene, Josita and Sheya, Adam and Smith, Linda},
title = {{Longitudinal Analysis of Early Semantic Networks: Preferential Attachment or Preferential Acquisition?}},
journal = {Psychological Science},
year = {2009}
}

@article{Foss:1966jl,
author = {Foss, Donald J and Jenkins, James J},
title = {{Mediated stimulus equivalence as a function of the number of converging stimulus items.}},
journal = {Journal of Experimental Psychology},
year = {1966}
}

